@book{tannenbaum,
	title={Современные операционные системы},
	author={Таненбаум, Э. and Бос, Х.},
	year={2015},
	edition={4},
	publisher={Питер}
}

@online{cornell,
	author = {Oliver Richardson},
	title = {Reconsidering Custom Memory Allocation},
	urldate = {2023-10-12},
	url = {https://www.cs.cornell.edu/courses/cs6120/2019fa/blog/custom-alloc/}
}

@online{glossary,
	title = {Memory Management Glossary},
	urldate = {2023-10-12},
	url = {https://www.memorymanagement.org/glossary/}
}

@online{allocator,
	title = {Allocation techniques},
	urldate = {2023-10-12},
	url = {https://www.memorymanagement.org/mmref/alloc.html#mmref-alloc}
}

@online{dotnet_clr,
	title = {Common Language Runtime (CLR) overview},
	urldate = {2023-10-12},
	url = {https://learn.microsoft.com/en-us/dotnet/standard/clr}
}

@article{memory_model,
	title={A theory of memory models},
	author={Saraswat, Vijay and Jagadeesan, Radha and Maged, Michael and von Praun, Christoph},
	journal={Proceedings of the 12th ACM SIGPLAN Symposium on Principles and Practice of Parallel Programming},
	year={2007},
	doi={10.1145/1229428.1229469}
}